@unpublished{c3po2024,
  author        = "Ananya Trivedi and Sahasrajit Anantharamakrishnan and Salah Bazzi and Taskin Padir",
  title         = "Chance Constrained Convex-MPC for biPedal lOcomanipulation (C3PO)",
  note          = "[In Progress]",
  month         = "March",
  year          = "2025",
  % annotate    = "",
  author+an     = {2=highlight}
}
